Untuk setiap referensi, baris pertama (newton1687) merupakan label dan baris-baris berikutnya
merupakan atribut dari referensi yang akan digunakan. Umumnya, format referensi berikut sudah
disediakan oleh penyedia sumber referensi secara online dan bisa langsung ditaruh di sini.

Lihat https://www.bibtex.com/g/bibtex-format/ untuk informasi lebih lanjut mengenai format
BibTex yang digunakan pada file ini.

@article{Holla2022,
  author          = {Holla, Bantwal and M M, Manohara and Verma, Ujjwal and Pai, Radhika},
  title           = {Enhanced Vehicle Re-identification for ITS: A Feature Fusion Approach using Deep Learning},
  year            = {2022},
  month           = {08},
  doi             = {10.48550/arXiv.2208.06579}
}

@article{Rong2021,
  author          = {Rong, Leilei and Xu, Yan and Zhou, Xiaolei and Han, Lisu and Li, Linghui and Pan, Xuguang},
  journal         = {Scientific Reports},
  title           = {A vehicle re-identification framework based on the improved multi-branch feature fusion network},
  volume          = {11},
  year            = {2021},
  month           = {10},
  pages           = {20210},
  doi             = {10.1038/s41598-021-99646-6},
}

@book{Wicaksono2022,
  author         = {M. Alif Wicaksono},
  title          = {KLASIFIKASI DETAIL MOBIL MENGGUNAKAN SWIN TRANSFORMER},
  year           = {2022}
}

@article{Cromer2023,
  author          = {Cromer, George C. and Purdy, Ken W. and Foster, Christopher G. and Cromer, Orville C},
  journal         = {Encyclopedia Britannica},
  title           = {automobile},
  year            = {2023}
}

@book{Tyagi2018,
  author          = {Tyagi, Vipin},
  year            = {2018},
  month           = {09},
  title           = {Understanding Digital Image Processing},
  isbn            = {9781315123905},
  doi             = {10.1201/9781315123905}
}

@book{Putra2010,
  author          = {Putra, Darma},
  year            = {2010},
  pages           = {448},
  title           = {Pengolahan Citra Digital},
  isbn            = {9789792914436}
}

@book{Russel2021,
  author         = {Russel, and Norvig, S.},
  editor         = {Tracy Johnson},
  publisher      = {Pearson Education Inc.},
  title          = {Artificial Intelligence : A Modern Approach},
  year           = {2021},
  edition        = {4},
}

@inbook{Wechsler2014,
  author         = {Wechsler, Harry and Li, Fayin},
  pages          = {189-215},
  title          = {Biometrics and Robust Face Recognition},
  year           = {2014},
  month          = {12},
  isbn           = {9780123985378},
  doi            = {10.1016/B978-0-12-398537-8.00010-9},
}

@article{Zheng2016,
  author          = {Liang Zheng and Yi Yang and Alexander G. Hauptmann},
  journal         = {CoRR},
  title           = {Person Re-identification: Past, Present and Future},
  volume          = {abs/1610.02984},
  year            = {2016},
  url             = {http://arxiv.org/abs/1610.02984},
}

@article{Vaswani2017,
  author          = {Vaswani, Ashish and Shazeer, Noam and Parmar, Niki and Uszkoreit, Jakob and Jones, Llion and Gomez, Aidan and Kaiser, Lukasz and Polosukhin, Illia},
  title           = {Attention Is All You Need},
  year            = {2017},
  month           = {06},
  doi             = {10.48550/arXiv.1706.03762},
}

@article{Liu2021,
  author          = {Liu, Ze and Lin, Yutong and Cao, Yue and Hu, Han and Wei, Yixuan and Zhang, Zheng and Lin, Stephen and Guo, Baining},
  title           = {Swin Transformer: Hierarchical Vision Transformer using Shifted Windows},
  year            = {2021},
  month           = {10},
  doi             = {10.48550/arXiv.2103.14030},
}

@article{Kanaci2018,
  author          = {Ayta{\c{c}} Kanaci and Xiatian Zhu and Shaogang Gong},
  journal         = {CoRR},
  title           = {Vehicle Re-Identification in Context},
  volume          = {abs/1809.09409},
  year            = {2018}
}

@booklet{Gitoc2021,
  author       = {Global Initiative Againts Transnational Organized Crime},
  title        = {Global Organized Crime Index 2021}
}

@booklet{Bpskriminal2021,
  author       = {Badan Pusat Statistik},
  title        = {Statistik Kriminal 2021}
}

@article{newton1687,
  author  = {Isaac Newton},
  journal = {Philosophi√¶ Naturalis Principia Mathematica},
  title   = {Axioms or Laws of Motion},
  year    = {1687}
}

@misc{roketluarangkasa,
  title   = {Roket Luar Angkasa Discovery},
  year    = 2021,
  url     = {https://airandspace.si.edu/explore-and-learn/topics/discovery/about.cfm},
  urldate = {2021-02-03}
}
